@misc{aufgabenstellung,
  title = {{City Domino} Aufgabenstellung},
  howpublished = {\url{http://intern.fh-wedel.de/mitarbeiter/klk/programmierpraktikum-java/aufgabentermine/ss18-citydomino/}},
  note = {Aufgerufen am: 29-12-2018}
}

